@ARTICLE{hayward2006,
   author = {{Hayward}, S.~A.},
    title = "{Formation and Evaporation of Nonsingular Black Holes}",
  journal = {Physical Review Letters},
   eprint = {gr-qc/0506126},
 keywords = {Physics of black holes},
     year = 2006,
    month = jan,
   volume = 96,
   number = 3,
      eid = {031103},
    pages = {031103},
      doi = {10.1103/PhysRevLett.96.031103},
   adsurl = {http://adsabs.harvard.edu/abs/2006PhRvL..96c1103H},
  adsnote = {Provided by the SAO/NASA Astrophysics Data System}
}

@ARTICLE{lorenzo,
	author = {{De Lorenzo}, T. and {Pacilio}, C. and {Rovelli}, C. and {Speziale}, S.
	},
	title = "{On the effective metric of a Planck star}",
	journal = {General Relativity and Gravitation},
	archivePrefix = "arXiv",
	eprint = {1412.6015},
	primaryClass = "gr-qc",
	keywords = {Quantum gravity, Black hole physics, Spacetime singularities, Apparent horizons},
	year = 2015,
	month = apr,
	volume = 47,
	eid = {41},
	pages = {41},
	doi = {10.1007/s10714-015-1882-8},
	adsurl = {http://adsabs.harvard.edu/abs/2015GReGr..47...41D},
	adsnote = {Provided by the SAO/NASA Astrophysics Data System}
}

@inproceedings{bardeen,
  author = {{Bardeen}, J. M.},
  title = {Non-singular general-relativistic gravitational collapse},
  booktitle = {Procceedings of International Conference GR5},
  year = {1968},
  pages = {174},
  address = {Tbilisi}
}
  
@ARTICLE{rovelli,
	author = {{Rovelli}, C. and {Vidotto}, F.},
	title = "{Planck stars}",
	journal = {International Journal of Modern Physics D},
	archivePrefix = "arXiv",
	eprint = {1401.6562},
	primaryClass = "gr-qc",
	keywords = {Quantum gravity phenomenology, black holes, Hawking evaporation, Quantum aspects of black holes evaporation thermodynamics, Phenomenology of quantum gravity},
	year = 2014,
	month = dec,
	volume = 23,
	eid = {1442026},
	pages = {1442026},
	doi = {10.1142/S0218271814420267},
	adsurl = {http://adsabs.harvard.edu/abs/2014IJMPD..2342026R},
	adsnote = {Provided by the SAO/NASA Astrophysics Data System}
}

@book{padmanabhan,
	title={Gravitation: foundations and frontiers},
	author={Padmanabhan, Thanu},
	year={2010},
	publisher={Cambridge University Press}
}

@book{inverno, 
	place={Oxford}, 
	title={Introducing Einstein’s relativity}, 
	publisher={Clarendon press}, 
	author={{D’Inverno}, Ray}, 
	year={1992}
}

@book{hawking, 
	place={Cambridge}, 
	title={The Large Scale Structure of Space-time}, 
	publisher={Cambridge University Press}, 
	author={{Hawking}, S.W. and {Ellis}, G.F.R.}, 
	year={1973},
	edition   = {20th},
	volume = {1}
}

@book{gravitation,
	title={Gravitation},
	author={{Thorne}, Kip S. and {Wheeler}, John Archibald and {Misner}, Charles W.},
	year={1973},
	publisher={W. H. Freeman},
	edition = {1st.},
	place = {San Francisco}
}


@ARTICLE{borde1994,
	author = {{Borde}, A.},
	title = "{Open and closed universes, initial singularities, and inflation}",
	journal = {Phys. Rev. D},
	eprint = {gr-qc/9403049},
	keywords = {Particle-theory and field-theory models of the early Universe, Singularities and cosmic censorship},
	year = 1994,
	month = sep,
	volume = 50,
	pages = {3692-3702},
	doi = {10.1103/PhysRevD.50.3692},
	adsurl = {http://adsabs.harvard.edu/abs/1994PhRvD..50.3692B},
	adsnote = {Provided by the SAO/NASA Astrophysics Data System}
}

@ARTICLE{borde1996,
	author = {{Borde}, A.},
	title = "{Regular black holes and topology change}",
	journal = {Phys. Rev. D},
	eprint = {gr-qc/9612057},
	keywords = {Classical black holes, General topology, Fundamental problems and general formalism, Singularities and cosmic censorship},
	year = 1997,
	month = jun,
	volume = 55,
	pages = {7615-7617},
	doi = {10.1103/PhysRevD.55.7615},
	adsurl = {http://adsabs.harvard.edu/abs/1997PhRvD..55.7615B},
	adsnote = {Provided by the SAO/NASA Astrophysics Data System}
}

@book{carroll,
	title={Spacetime and geometry: An introduction to general relativity},
	author={{Carroll}, Sean M},
	volume={1},
	year={2004},
	edition = {1st},
	publisher = {Addison Wesley},
	place = {San Francisco}
}

@ARTICLE{ayon-beato2000,
	author = "{{Ayón-Beato}, E. and {García}, A.}",
	title = "{The Bardeen model as a nonlinear magnetic monopole}",
	journal = {Physics Letters B},
	eprint = {gr-qc/0009077},
	year = 2000,
	month = nov,
	volume = 493,
	pages = {149-152},
	doi = {10.1016/S0370-2693(00)01125-4},
	adsurl = {http://adsabs.harvard.edu/abs/2000PhLB..493..149A},
	adsnote = {Provided by the SAO/NASA Astrophysics Data System}
}

@ARTICLE{vanegas-nonlinear,
	author = {{Balart}, L. and {Vagenas}, E.~C.},
	title = "{Regular black holes with a nonlinear electrodynamics source}",
	journal = {Phys. Rev. D},
	archivePrefix = "arXiv",
	eprint = {1408.0306},
	primaryClass = "gr-qc",
	keywords = {Classical black holes, Exact solutions, Physics of black holes},
	year = 2014,
	month = dec,
	volume = 90,
	number = 12,
	eid = {124045},
	pages = {124045},
	doi = {10.1103/PhysRevD.90.124045},
	adsurl = {http://adsabs.harvard.edu/abs/2014PhRvD..90l4045B},
	adsnote = {Provided by the SAO/NASA Astrophysics Data System}
}

@ARTICLE{vanegas-weak,
	author = {{Balart}, L. and {Vagenas}, E.~C.},
	title = "{Regular black hole metrics and the weak energy condition}",
	journal = {Physics Letters B},
	archivePrefix = "arXiv",
	eprint = {1401.2136},
	primaryClass = "gr-qc",
	year = 2014,
	month = mar,
	volume = 730,
	pages = {14-17},
	doi = {10.1016/j.physletb.2014.01.024},
	adsurl = {http://adsabs.harvard.edu/abs/2014PhLB..730...14B},
	adsnote = {Provided by the SAO/NASA Astrophysics Data System}
}

@article{einstein,
	author = {{Einstein}, A.},
	title = {Die Grundlage der allgemeinen Relativitätstheorie},
	journal = {Annalen der Physik},
	volume = {354},
	number = {7},
	publisher = {WILEY-VCH Verlag},
	issn = {1521-3889},
	url = {http://dx.doi.org/10.1002/andp.19163540702},
	doi = {10.1002/andp.19163540702},
	pages = {769--822},
	year = {1916}
}


@ARTICLE{ayon-beato2005,
	author = "{{Ayón-Beato}, E. and {García}, A.}",
	title = "{Four-parametric regular black hole solution}",
	journal = {General Relativity and Gravitation},
	eprint = {hep-th/0403229},
	keywords = {Regular black hole, Nonlinear electrodynamics},
	year = 2005,
	month = apr,
	volume = 37,
	pages = {635-641},
	doi = {10.1007/s10714-005-0050-y},
	adsurl = {http://adsabs.harvard.edu/abs/2005GReGr..37..635A},
	adsnote = {Provided by the SAO/NASA Astrophysics Data System}
}

@ARTICLE{ayon-beato1999-1,
	author = "{{Ayón-Beato}, E. and {García}, A.}",
	title = "{Regular Black Hole in General Relativity Coupled to Nonlinear Electrodynamics}",
	journal = {Physical Review Letters},
	eprint = {gr-qc/9911046},
	year = 1998,
	month = jun,
	volume = 80,
	pages = {5056-5059},
	doi = {10.1103/PhysRevLett.80.5056},
	adsurl = {http://adsabs.harvard.edu/abs/1998PhRvL..80.5056A},
	adsnote = {Provided by the SAO/NASA Astrophysics Data System}
}

@ARTICLE{ayon-beato1999-2,
	author = "{{Ayón-Beato}, E. and {García}, A.}",
	title = "{Non-Singular Charged Black Hole Solution for Non-Linear Source}",
	journal = {General Relativity and Gravitation},
	eprint = {gr-qc/9911084},
	year = 1999,
	month = may,
	volume = 31,
	pages = {629},
	doi = {10.1023/A:1026640911319},
	adsurl = {http://adsabs.harvard.edu/abs/1999GReGr..31..629A},
	adsnote = {Provided by the SAO/NASA Astrophysics Data System}
}

@ARTICLE{ayon-beato1999-3,
	author = "{{Ayón-Beato}, E. and {García}, A.}",
	title = "{New regular black hole solution from nonlinear electrodynamics}",
	journal = {Physics Letters B},
	eprint = {hep-th/9911174},
	year = 1999,
	month = oct,
	volume = 464,
	pages = {25-29},
	doi = {10.1016/S0370-2693(99)01038-2},
	adsurl = {http://adsabs.harvard.edu/abs/1999PhLB..464...25A},
	adsnote = {Provided by the SAO/NASA Astrophysics Data System}
}


@book{blau,
	title={Lecture Notes on General Relativity},
	author={{Blau}, Matthias},
	year={2015},
	publisher = {Albert Einstein Center for Fundamental Physics},
	place = {Bern, Germany},
}

@book{carroll-lecture-notes,
	author = {{Carroll}, S. M.},
	title = "{Lecture Notes on General Relativity}",
	journal = {ArXiv General Relativity and Quantum Cosmology e-prints},
	eprint = {gr-qc/9712019},
	keywords = {General Relativity and Quantum Cosmology, Astrophysics, High Energy Physics - Theory},
	year = 1997,
	month = dec,
	adsurl = {http://adsabs.harvard.edu/abs/1997gr.qc....12019C},
	adsnote = {Provided by the SAO/NASA Astrophysics Data System},
	pages = {238}
}


@ARTICLE{zaslavskii,
	author = {{Zaslavskii}, O.~B.},
	title = "{Regular black holes and energy conditions}",
	journal = {Physics Letters B},
	archivePrefix = "arXiv",
	eprint = {1004.2362},
	primaryClass = "gr-qc",
	year = 2010,
	month = may,
	volume = 688,
	pages = {278-280},
	doi = {10.1016/j.physletb.2010.04.031},
	adsurl = {http://adsabs.harvard.edu/abs/2010PhLB..688..278Z},
	adsnote = {Provided by the SAO/NASA Astrophysics Data System}
}

@ARTICLE{dymnikova2004,
	author = {{Dymnikova}, I.},
	title = "{Regular electrically charged vacuum structures with de Sitter centre in nonlinear electrodynamics coupled to general relativity}",
	journal = {Classical and Quantum Gravity},
	eprint = {gr-qc/0407072},
	year = 2004,
	month = sep,
	volume = 21,
	pages = {4417-4428},
	doi = {10.1088/0264-9381/21/18/009},
	adsurl = {http://adsabs.harvard.edu/abs/2004CQGra..21.4417D},
	adsnote = {Provided by the SAO/NASA Astrophysics Data System}
}

@article{penrose,
  title = {Gravitational Collapse and Space-Time Singularities},
  author = {Penrose, Roger},
  journal = {Phys. Rev. Lett.},
  volume = {14},
  issue = {3},
  pages = {57--59},
  numpages = {0},
  year = {1965},
  month = {Jan},
  publisher = {American Physical Society},
  doi = {10.1103/PhysRevLett.14.57},
  url = {http://link.aps.org/doi/10.1103/PhysRevLett.14.57}
}

@ARTICLE{senovilla2015,
   author = {{Senovilla}, J.~M.~M. and {Garfinkle}, D.},
    title = "{The 1965 Penrose singularity theorem}",
  journal = {Classical and Quantum Gravity},
archivePrefix = "arXiv",
   eprint = {1410.5226},
 primaryClass = "gr-qc",
     year = 2015,
    month = jun,
   volume = 32,
   number = 12,
      eid = {124008},
    pages = {124008},
      doi = {10.1088/0264-9381/32/12/124008},
   adsurl = {http://adsabs.harvard.edu/abs/2015CQGra..32l4008S},
  adsnote = {Provided by the SAO/NASA Astrophysics Data System}
}

@ARTICLE{ansoldi2008,
	author = {{Ansoldi}, S.},
	title = "{Spherical black holes with regular center: a review of existing models including a recent realization with Gaussian sources}",
	journal = {ArXiv e-prints},
	archivePrefix = "arXiv",
	eprint = {0802.0330},
	primaryClass = "gr-qc",
	keywords = {General Relativity and Quantum Cosmology},
	year = 2008,
	month = feb,
	adsurl = {http://adsabs.harvard.edu/abs/2008arXiv0802.0330A},
	adsnote = {Provided by the SAO/NASA Astrophysics Data System}
}


@article{lindquist1965,
	title = {Vaidya's Radiating Schwarzschild Metric},
	author = {Lindquist, R. W. and Schwartz, R. A. and Misner, C. W.},
	journal = {Phys. Rev.},
	volume = {137},
	issue = {5B},
	pages = {B1364--B1368},
	numpages = {0},
	year = {1965},
	month = {Mar},
	publisher = {American Physical Society},
	doi = {10.1103/PhysRev.137.B1364},
	url = {http://link.aps.org/doi/10.1103/PhysRev.137.B1364}
}

@book{griffiths2009,
	title={Exact Space-Times in Einstein's General Relativity},
	author={Griffiths, J.B. and Podolsk{\`y}, J.},
	isbn={9781139481168},
	series={Cambridge Monographs on Mathematical Physics},
	url={https://books.google.com.co/books?id=SbZpFMOwhzMC},
	year={2009},
	publisher={Cambridge University Press}
}

@book{wald2010,
	title={General Relativity},
	author={Wald, R.M.},
	isbn={9780226870373},
	url={https://books.google.com.co/books?id=9S-hzg6-moYC},
	year={2010},
	publisher={University of Chicago Press}
}

@article{hayward1994,
  title = {General laws of black-hole dynamics},
  author = {Hayward, Sean A.},
  journal = {Phys. Rev. D},
  volume = {49},
  issue = {12},
  pages = {6467--6474},
  numpages = {0},
  year = {1994},
  month = {Jun},
  publisher = {American Physical Society},
  doi = {10.1103/PhysRevD.49.6467},
  url = {http://link.aps.org/doi/10.1103/PhysRevD.49.6467}
}
