
@ARTICLE{hayward,
   author = {{Hayward}, S.~A.},
    title = "{Formation and Evaporation of Nonsingular Black Holes}",
  journal = {Physical Review Letters},
   eprint = {gr-qc/0506126},
 keywords = {Physics of black holes},
     year = 2006,
    month = jan,
   volume = 96,
   number = 3,
      eid = {031103},
    pages = {031103},
      doi = {10.1103/PhysRevLett.96.031103},
   adsurl = {http://adsabs.harvard.edu/abs/2006PhRvL..96c1103H},
  adsnote = {Provided by the SAO/NASA Astrophysics Data System}
}


@ARTICLE{Lorenzo,
	author = {{De Lorenzo}, T. and {Pacilio}, C. and {Rovelli}, C. and {Speziale}, S.
	},
	title = "{On the effective metric of a Planck star}",
	journal = {General Relativity and Gravitation},
	archivePrefix = "arXiv",
	eprint = {1412.6015},
	primaryClass = "gr-qc",
	keywords = {Quantum gravity, Black hole physics, Spacetime singularities, Apparent horizons},
	year = 2015,
	month = apr,
	volume = 47,
	eid = {41},
	pages = {41},
	doi = {10.1007/s10714-015-1882-8},
	adsurl = {http://adsabs.harvard.edu/abs/2015GReGr..47...41D},
	adsnote = {Provided by the SAO/NASA Astrophysics Data System}
}

@INPROCEEDINGS{bardeen,
	author = {{Bardeen}, J. M.},
	title = {Non-singular general-relativistic gravitational collapse},
	pages = {p. 174},
	crossref = {Procceedings of International Conference GR5},
	date = {1968},
	location = {Tbilisi}
}

@ARTICLE{rovelli,
	author = {{Rovelli}, C. and {Vidotto}, F.},
	title = "{Planck stars}",
	journal = {International Journal of Modern Physics D},
	archivePrefix = "arXiv",
	eprint = {1401.6562},
	primaryClass = "gr-qc",
	keywords = {Quantum gravity phenomenology, black holes, Hawking evaporation, Quantum aspects of black holes evaporation thermodynamics, Phenomenology of quantum gravity},
	year = 2014,
	month = dec,
	volume = 23,
	eid = {1442026},
	pages = {1442026},
	doi = {10.1142/S0218271814420267},
	adsurl = {http://adsabs.harvard.edu/abs/2014IJMPD..2342026R},
	adsnote = {Provided by the SAO/NASA Astrophysics Data System}
}

@book{padmanabhan2010gravitation,
	title={Gravitation: foundations and frontiers},
	author={Padmanabhan, Thanu},
	year={2010},
	publisher={Cambridge University Press}
}

@book{inverno, 
	place={Oxford}, 
	title={Introducing Einstein’s relativity}, 
	publisher={Clarendon press}, 
	author={D’Inverno, Ray}, 
	year={1992}
}

@book{hawking, 
	place={Cambridge}, 
	title={The Large Scale Structure of Space-time}, 
	publisher={Cambridge University Press}, 
	author={{Hawking}, S.W. and {Ellis}, G.F.R.}, 
	year={1973},
	edition   = {20th},
	volume = {1}
}

@book{gravitation,
	title={Gravitation},
	author={{Thorne}, Kip S. and {Wheeler}, John Archibald and {Misner}, Charles W.},
	year={1973},
	publisher={W. H. Freeman},
	edition = {1st.},
	place = {San Francisco}
}


@ARTICLE{borde1994,
	author = {{Borde}, A.},
	title = "{Open and closed universes, initial singularities, and inflation}",
	journal = {\prd},
	eprint = {gr-qc/9403049},
	keywords = {Particle-theory and field-theory models of the early Universe, Singularities and cosmic censorship},
	year = 1994,
	month = sep,
	volume = 50,
	pages = {3692-3702},
	doi = {10.1103/PhysRevD.50.3692},
	adsurl = {http://adsabs.harvard.edu/abs/1994PhRvD..50.3692B},
	adsnote = {Provided by the SAO/NASA Astrophysics Data System}
}

@ARTICLE{borde1996,
	author = {{Borde}, A.},
	title = "{Regular black holes and topology change}",
	journal = {\prd},
	eprint = {gr-qc/9612057},
	keywords = {Classical black holes, General topology, Fundamental problems and general formalism, Singularities and cosmic censorship},
	year = 1997,
	month = jun,
	volume = 55,
	pages = {7615-7617},
	doi = {10.1103/PhysRevD.55.7615},
	adsurl = {http://adsabs.harvard.edu/abs/1997PhRvD..55.7615B},
	adsnote = {Provided by the SAO/NASA Astrophysics Data System}
}

@book{carroll,
	title={Spacetime and geometry: An introduction to general relativity},
	author={{Carroll}, Sean M},
	volume={1},
	year={2004},
	edition = {1st},
	publisher = {Addison Wesley},
	place = {San Francisco}
}

@ARTICLE{ayón-beato2000,
	author = {{Ay{\'o}n-Beato}, E. and {Garc{\'{\i}}a}, A.},
	title = "{The Bardeen model as a nonlinear magnetic monopole}",
	journal = {Physics Letters B},
	eprint = {gr-qc/0009077},
	year = 2000,
	month = nov,
	volume = 493,
	pages = {149-152},
	doi = {10.1016/S0370-2693(00)01125-4},
	adsurl = {http://adsabs.harvard.edu/abs/2000PhLB..493..149A},
	adsnote = {Provided by the SAO/NASA Astrophysics Data System}
}

@ARTICLE{vanegas-nonlinear,
	author = {{Balart}, L. and {Vagenas}, E.~C.},
	title = "{Regular black holes with a nonlinear electrodynamics source}",
	journal = {\prd},
	archivePrefix = "arXiv",
	eprint = {1408.0306},
	primaryClass = "gr-qc",
	keywords = {Classical black holes, Exact solutions, Physics of black holes},
	year = 2014,
	month = dec,
	volume = 90,
	number = 12,
	eid = {124045},
	pages = {124045},
	doi = {10.1103/PhysRevD.90.124045},
	adsurl = {http://adsabs.harvard.edu/abs/2014PhRvD..90l4045B},
	adsnote = {Provided by the SAO/NASA Astrophysics Data System}
}

@ARTICLE{vanegas-weak,
	author = {{Balart}, L. and {Vagenas}, E.~C.},
	title = "{Regular black hole metrics and the weak energy condition}",
	journal = {Physics Letters B},
	archivePrefix = "arXiv",
	eprint = {1401.2136},
	primaryClass = "gr-qc",
	year = 2014,
	month = mar,
	volume = 730,
	pages = {14-17},
	doi = {10.1016/j.physletb.2014.01.024},
	adsurl = {http://adsabs.harvard.edu/abs/2014PhLB..730...14B},
	adsnote = {Provided by the SAO/NASA Astrophysics Data System}
}

@article {einstein,
	author = {{Einstein}, A.},
	title = {Die Grundlage der allgemeinen Relativitätstheorie},
	journal = {Annalen der Physik},
	volume = {354},
	number = {7},
	publisher = {WILEY-VCH Verlag},
	issn = {1521-3889},
	url = {http://dx.doi.org/10.1002/andp.19163540702},
	doi = {10.1002/andp.19163540702},
	pages = {769--822},
	year = {1916}
}